<?xml version="1.0" encoding="UTF-8"?><collection xmlns="http://www.loc.gov/MARC21/slim"><record><leader>00377nam--2200121-i-4500</leader><controlfield tag="001">000005629</controlfield><controlfield tag="002">20161230</controlfield><controlfield tag="005">20161230201026</controlfield><controlfield tag="008">060222s1000------------r-----000-0-eng-d</controlfield><datafield ind1=" " ind2=" " tag="100"><subfield code="a">Bagley,K.Q.,Oliver D.S</subfield></datafield><datafield ind1=" " ind2=" " tag="245"><subfield code="a">The oxydation of uranium in air a review of pr ogress to 27th february, 1953</subfield></datafield><datafield ind1=" " ind2=" " tag="260"><subfield code="a">Culcheth, Metallurgical Laboratories, 1953. 12 P + Figuri</subfield></datafield><datafield ind1=" " ind2=" " tag="852"><subfield code="a">16585</subfield></datafield></record></collection>